<?xml version="1.0" encoding="UTF-8"?><collection xmlns="http://www.loc.gov/MARC21/slim"><record><leader>00429nam--2200133-i-4500</leader><controlfield tag="001">000003349</controlfield><controlfield tag="002">20161230</controlfield><controlfield tag="005">20161230201025</controlfield><controlfield tag="008">060222s1000------------r-----000-0-eng-d</controlfield><datafield ind1=" " ind2=" " tag="100"><subfield code="a">Belinfante, F.J.And Moller, C</subfield></datafield><datafield ind1=" " ind2=" " tag="245"><subfield code="a">On the relation between the time-dependent and stationary treatments of collision processes</subfield></datafield><datafield ind1=" " ind2=" " tag="260"><subfield code="a">Kobenhavn, Ejnar Munksgaard, 1954. 64 P</subfield></datafield><datafield ind1=" " ind2=" " tag="490"><subfield code="a">Kgl.Dan.Vid.Selsk.Mat.Fys.Medd.,</subfield></datafield><datafield ind1=" " ind2=" " tag="852"><subfield code="a">3266</subfield></datafield></record></collection>